<?xml version="1.0" encoding="UTF-8"?><record xmlns="http://www.loc.gov/MARC21/slim" xmlns:cinclude="http://apache.org/cocoon/include/1.0" xmlns:zs="http://www.loc.gov/zing/srw/">
  <leader>00790nz  a2200181n  4500</leader>
  <controlfield tag="001">no2012044617</controlfield>
  <controlfield tag="003">DLC</controlfield>
  <controlfield tag="005">20120330075134.0</controlfield>
  <controlfield tag="008">120328n| acannaabn          |a ana     c</controlfield>
  <datafield tag="010" ind1=" " ind2=" ">
    <subfield code="a">no2012044617</subfield>
  </datafield>
  <datafield tag="035" ind1=" " ind2=" ">
    <subfield code="a">(OCoLC)oca09156435</subfield>
  </datafield>
  <datafield tag="040" ind1=" " ind2=" ">
    <subfield code="a">CSt</subfield>
    <subfield code="b">eng</subfield>
    <subfield code="c">CSt</subfield>
  </datafield>
  <datafield tag="110" ind1="2" ind2=" ">
    <subfield code="a">Academia Carolina de Practicantes Juristas</subfield>
  </datafield>
  <datafield tag="410" ind1="2" ind2=" ">
    <subfield code="a">Academia Carolina (Chuquisaca, Bolivia)</subfield>
  </datafield>
  <datafield tag="410" ind1="2" ind2=" ">
    <subfield code="a">Academia Regia Carolina Platensis</subfield>
  </datafield>
  <datafield tag="410" ind1="2" ind2=" ">
    <subfield code="a">Real Academia Carolina de Practicantes Juristas de Charcas</subfield>
  </datafield>
  <datafield tag="670" ind1=" " ind2=" ">
    <subfield code="a">La Academia Carolina y la independencia de AmeĚrica, 2010:</subfield>
    <subfield code="b">p. 4 of cover (Academia Carolina de Practicantes Juristas; founded in 1776 in Chuquisaca) p. 16 (Academia Regia Carolina Platensis)</subfield>
  </datafield>
  <datafield tag="670" ind1=" " ind2=" ">
    <subfield code="a">OCLC, Mar. 27, 2012</subfield>
    <subfield code="b">(Real Academia Carolina de Practicantes Juristas de Charcas)</subfield>
  </datafield>
</record>